% This file was created with Citavi 6.3.0.0

@misc{Elasticsearch.2019,
 abstract = {Open-Source-basierte verteilte Suchmaschine und Analytics Engine, die horizontale Skalierbarkeit, Zuverl{\"a}ssigkeit und einfache Verwaltung bietet. Kostenlos herunterladen.},
 editor = {{Elasticsearch B.V}},
 title = {Elasticsearch: Verteilte RESTful-Suchmaschine und -Analytics Engine | Elastic},
 url = {https://www.elastic.co/de/products/elasticsearch},
 urldate = {16.10.2019}
}


@misc{ElasticSearchSub.2019,
 abstract = {Commercial products with enterprise-grade support for Elastic Stack (formerly ELK) projects to accelerate delivery and solve issues quickly. See pricing and supported platforms.},
 title = {Subscriptions · Elastic Stack Products {\&} Support | Elastic},
 url = {https://www.elastic.co/subscriptions},
 urldate = {16.10.2019}
}


@misc{ManticoreSoftwareLtd.2019,
 abstract = {Open source search server designed to be fast, scalable and with powerful and accurate full-text search capabilities},
 editor = {{Manticore Software Ltd.}},
 title = {Manticore Search -- open source text search engine for big data and stream filtering},
 url = {https://manticoresearch.com/},
 urldate = {16.10.2019}
}


@misc{TheApacheSoftwareFoundation.2019,
 editor = {{The Apache Software Foundation}},
 year = {26.07.2019},
 title = {Apache Solr},
 url = {https://lucene.apache.org/solr/},
 urldate = {16.10.2019}
}


